@InProceedings{Pang+Lee:05a,
  author =       {Bo Pang and Lillian Lee},
  title =        {Seeing stars: Exploiting class relationships for sentiment
                  categorization with respect to rating scales},
  booktitle =    {Proceedings of the ACL},
  year =         2005
}

@inproceedings{bird2006nltk,
  title={NLTK: the natural language toolkit},
  author={Bird, Steven},
  booktitle={Proceedings of the COLING/ACL 2006 Interactive Presentation Sessions},
  pages={69--72},
  year={2006}
}

@inproceedings{pennington2014glove,
  title={Glove: Global vectors for word representation},
  author={Pennington, Jeffrey and Socher, Richard and Manning, Christopher D},
  booktitle={Proceedings of the 2014 conference on empirical methods in natural language processing (EMNLP)},
  pages={1532--1543},
  year={2014}
}

@inproceedings{wolf2020transformers,
  title={Transformers: State-of-the-art natural language processing},
  author={Wolf, Thomas and Debut, Lysandre and Sanh, Victor and Chaumond, Julien and Delangue, Clement and Moi, Anthony and Cistac, Pierric and Rault, Tim and Louf, R{\'e}mi and Funtowicz, Morgan and others},
  booktitle={Proceedings of the 2020 conference on empirical methods in natural language processing: system demonstrations},
  pages={38--45},
  year={2020}
}

@inproceedings{de1959file,
  title={File searching using variable length keys},
  author={De La Briandais, Rene},
  booktitle={Papers presented at the the March 3-5, 1959, western joint computer conference},
  pages={295--298},
  year={1959}
}

@article{dewancker2016bayesian,
  title={Bayesian optimization for machine learning: A practical guidebook},
  author={Dewancker, Ian and McCourt, Michael and Clark, Scott},
  journal={arXiv preprint arXiv:1612.04858},
  year={2016}
}

@misc{paszke2019pytorch,
      title={PyTorch: An Imperative Style, High-Performance Deep Learning Library}, 
      author={Adam Paszke and Sam Gross and Francisco Massa and Adam Lerer and James Bradbury and Gregory Chanan and Trevor Killeen and Zeming Lin and Natalia Gimelshein and Luca Antiga and Alban Desmaison and Andreas KÃ¶pf and Edward Yang and Zach DeVito and Martin Raison and Alykhan Tejani and Sasank Chilamkurthy and Benoit Steiner and Lu Fang and Junjie Bai and Soumith Chintala},
      year={2019},
      eprint={1912.01703},
      archivePrefix={arXiv},
      primaryClass={cs.LG},
      url={https://arxiv.org/abs/1912.01703}, 
}
